{
  "leader": "03827cas a2200805 i 4500",
  "fields": [
    {
      "001": "ocm06232525\\"
    },
    {
      "003": "OCoLC"
    },
    {
      "005": "20211119084507.0"
    },
    {
      "008": "800422d19371999njuqr\\p\\\\\\\\\\\\\\0\\\\\\a0eng\\c"
    },
    {
      "010": {
        "ind1": "\\",
        "ind2": "\\",
        "subfields": [
          {
            "a": "   39010247 "
          },
          {
            "z": "sn 80000850 "
          }
        ]
      }
    },
    {
      "040": {
        "ind1": "\\",
        "ind2": "\\",
        "subfields": [
          {
            "a": "NSD"
          },
          {
            "b": "eng"
          },
          {
            "c": "NSD"
          },
          {
            "d": "NSD"
          },
          {
            "d": "IUL"
          },
          {
            "d": "DLC"
          },
          {
            "d": "RCS"
          },
          {
            "d": "NST"
          },
          {
            "d": "DLC"
          },
          {
            "d": "AIP"
          },
          {
            "d": "HUL"
          },
          {
            "d": "NST"
          },
          {
            "d": "HUL"
          },
          {
            "d": "NST"
          },
          {
            "d": "MYG"
          },
          {
            "d": "CUS"
          },
          {
            "d": "NSD"
          },
          {
            "d": "IUL"
          },
          {
            "d": "CUS"
          },
          {
            "d": "DLC"
          },
          {
            "d": "EBZ"
          },
          {
            "d": "HLS"
          },
          {
            "d": "CLU"
          },
          {
            "d": "OCLCQ"
          },
          {
            "d": "ZYU"
          },
          {
            "d": "NLM"
          },
          {
            "d": "TET"
          },
          {
            "d": "LVB"
          },
          {
            "d": "NLA"
          },
          {
            "d": "OCLCQ"
          },
          {
            "d": "HEBIS"
          },
          {
            "d": "GEBAY"
          },
          {
            "d": "GBVCP"
          },
          {
            "d": "DLC"
          },
          {
            "d": "UKMGB"
          },
          {
            "d": "TULIB"
          },
          {
            "d": "DLC"
          },
          {
            "d": "OCLCF"
          },
          {
            "d": "P4I"
          },
          {
            "d": "DEBBG"
          },
          {
            "d": "OCLCO"
          },
          {
            "d": "EUW"
          },
          {
            "d": "OCLCO"
          },
          {
            "d": "OCLCQ"
          },
          {
            "d": "OCLCO"
          },
          {
            "d": "OCLCQ"
          },
          {
            "d": "NLC"
          },
          {
            "d": "OCLCQ"
          },
          {
            "d": "OCLCO"
          },
          {
            "d": "PAU"
          },
          {
            "d": "OCLCQ"
          },
          {
            "d": "OCLCO"
          },
          {
            "d": "OCLCA"
          },
          {
            "d": "DCHUA"
          },
          {
            "d": "OCLCO"
          },
          {
            "d": "CNO"
          },
          {
            "d": "OCLCO"
          },
          {
            "d": "CSO"
          },
          {
            "d": "OCLCO"
          },
          {
            "d": "OCLCA"
          },
          {
            "d": "OCLCQ"
          },
          {
            "d": "OCLCO"
          },
          {
            "d": "BUF"
          },
          {
            "d": "OCLCO"
          },
          {
            "d": "OCL"
          },
          {
            "d": "OCLCQ"
          }
        ]
      }
    },
    {
      "012": {
        "ind1": "\\",
        "ind2": "\\",
        "subfields": [
          {
            "a": "3"
          },
          {
            "b": "3"
          },
          {
            "e": "s"
          },
          {
            "k": "1"
          },
          {
            "l": "1"
          }
        ]
      }
    },
    {
      "016": {
        "ind1": "\\",
        "ind2": "\\",
        "subfields": [
          {
            "a": "(AMICUS)000000950548"
          }
        ]
      }
    },
    {
      "016": {
        "ind1": "7",
        "ind2": "\\",
        "subfields": [
          {
            "a": "011208686"
          },
          {
            "2": "DE-101"
          }
        ]
      }
    },
    {
      "016": {
        "ind1": "7",
        "ind2": "\\",
        "subfields": [
          {
            "a": "208985-3"
          },
          {
            "2": "DE-600"
          }
        ]
      }
    },
    {
      "016": {
        "ind1": "7",
        "ind2": "\\",
        "subfields": [
          {
            "a": "58920110R"
          },
          {
            "2": "DNLM"
          }
        ]
      }
    },
    {
      "016": {
        "ind1": "7",
        "ind2": "\\",
        "subfields": [
          {
            "a": "P19200000"
          },
          {
            "2": "DNLM"
          }
        ]
      }
    },
    {
      "016": {
        "ind1": "7",
        "ind2": "\\",
        "subfields": [
          {
            "a": "007867149"
          },
          {
            "2": "Uk"
          }
        ]
      }
    },
    {
      "019": {
        "ind1": "\\",
        "ind2": "\\",
        "subfields": [
          {
            "a": "8525884"
          },
          {
            "a": "36795499"
          },
          {
            "a": "185059340"
          },
          {
            "a": "1032947032"
          },
          {
            "a": "1049735955"
          },
          {
            "a": "1201818854"
          }
        ]
      }
    },
    {
      "022": {
        "ind1": "0",
        "ind2": "\\",
        "subfields": [
          {
            "a": "0032-4701"
          },
          {
            "l": "0032-4701"
          },
          {
            "2": "1"
          }
        ]
      }
    },
    {
      "030": {
        "ind1": "\\",
        "ind2": "\\",
        "subfields": [
          {
            "a": "POIXAY"
          }
        ]
      }
    },
    {
      "035": {
        "ind1": "\\",
        "ind2": "\\",
        "subfields": [
          {
            "a": "(OCoLC)6232525"
          },
          {
            "z": "(OCoLC)8525884"
          },
          {
            "z": "(OCoLC)36795499"
          },
          {
            "z": "(OCoLC)185059340"
          },
          {
            "z": "(OCoLC)1032947032"
          },
          {
            "z": "(OCoLC)1049735955"
          },
          {
            "z": "(OCoLC)1201818854"
          }
        ]
      }
    },
    {
      "037": {
        "ind1": "\\",
        "ind2": "\\",
        "subfields": [
          {
            "b": "Office of Population Research, Princeton University, 21 Prospect Ave., Princeton, NJ 08544"
          }
        ]
      }
    },
    {
      "042": {
        "ind1": "\\",
        "ind2": "\\",
        "subfields": [
          {
            "a": "nsdp"
          },
          {
            "a": "pcc"
          }
        ]
      }
    },
    {
      "050": {
        "ind1": "0",
        "ind2": "0",
        "subfields": [
          {
            "a": "Z7164.D3"
          },
          {
            "b": "P83"
          }
        ]
      }
    },
    {
      "050": {
        "ind1": "1",
        "ind2": "4",
        "subfields": [
          {
            "a": "HB848"
          },
          {
            "b": ".P55"
          }
        ]
      }
    },
    {
      "051": {
        "ind1": "\\",
        "ind2": "\\",
        "subfields": [
          {
            "a": "http://www.jstor.org/journals/00324701.html"
          }
        ]
      }
    },
    {
      "060": {
        "ind1": "0",
        "ind2": "0",
        "subfields": [
          {
            "a": "Z 7164.D3"
          },
          {
            "b": "P831"
          }
        ]
      }
    },
    {
      "082": {
        "ind1": "0",
        "ind2": "4",
        "subfields": [
          {
            "a": "016.3046"
          },
          {
            "b": "POP"
          }
        ]
      }
    },
    {
      "210": {
        "ind1": "0",
        "ind2": "\\",
        "subfields": [
          {
            "a": "Popul. index"
          }
        ]
      }
    },
    {
      "222": {
        "ind1": "\\",
        "ind2": "0",
        "subfields": [
          {
            "a": "Population index"
          }
        ]
      }
    },
    {
      "245": {
        "ind1": "0",
        "ind2": "0",
        "subfields": [
          {
            "a": "Population index."
          }
        ]
      }
    },
    {
      "260": {
        "ind1": "\\",
        "ind2": "\\",
        "subfields": [
          {
            "a": "[Princeton, N.J., etc.] :"
          },
          {
            "b": "Office of Population Research, Princeton University"
          }
        ]
      }
    },
    {
      "300": {
        "ind1": "\\",
        "ind2": "\\",
        "subfields": [
          {
            "a": "volumes :"
          },
          {
            "b": "illustrations ;"
          },
          {
            "c": "28 cm"
          }
        ]
      }
    },
    {
      "310": {
        "ind1": "\\",
        "ind2": "\\",
        "subfields": [
          {
            "a": "Quarterly"
          }
        ]
      }
    },
    {
      "336": {
        "ind1": "\\",
        "ind2": "\\",
        "subfields": [
          {
            "a": "text"
          },
          {
            "b": "txt"
          },
          {
            "2": "rdacontent"
          }
        ]
      }
    },
    {
      "337": {
        "ind1": "\\",
        "ind2": "\\",
        "subfields": [
          {
            "a": "unmediated"
          },
          {
            "b": "n"
          },
          {
            "2": "rdamedia"
          }
        ]
      }
    },
    {
      "338": {
        "ind1": "\\",
        "ind2": "\\",
        "subfields": [
          {
            "a": "volume"
          },
          {
            "b": "nc"
          },
          {
            "2": "rdacarrier"
          }
        ]
      }
    },
    {
      "362": {
        "ind1": "0",
        "ind2": "\\",
        "subfields": [
          {
            "a": "v. 3-65; Jan. 1937-1999."
          }
        ]
      }
    },
    {
      "530": {
        "ind1": "\\",
        "ind2": "\\",
        "subfields": [
          {
            "a": "Issues for Jan. 1937-winter 1985 also available to subscribers of JSTOR via the World Wide Web; issues for spring 1986- are also freely available from the journal's web site at Princeton University."
          }
        ]
      }
    },
    {
      "550": {
        "ind1": "\\",
        "ind2": "\\",
        "subfields": [
          {
            "a": "Volumes for 1937-48 issued by the School of Public Affairs, Princeton University."
          }
        ]
      }
    },
    {
      "550": {
        "ind1": "\\",
        "ind2": "\\",
        "subfields": [
          {
            "a": "Published for the Population Association of America."
          }
        ]
      }
    },
    {
      "650": {
        "ind1": "\\",
        "ind2": "0",
        "subfields": [
          {
            "a": "Population"
          },
          {
            "v": "Bibliography"
          },
          {
            "v": "Periodicals."
          }
        ]
      }
    },
    {
      "650": {
        "ind1": "\\",
        "ind2": "0",
        "subfields": [
          {
            "a": "Social sciences"
          },
          {
            "v": "Bibliography"
          },
          {
            "v": "Periodicals."
          }
        ]
      }
    },
    {
      "650": {
        "ind1": "\\",
        "ind2": "7",
        "subfields": [
          {
            "a": "Population."
          },
          {
            "2": "fast"
          },
          {
            "0": "(OCoLC)fst01071476"
          }
        ]
      }
    },
    {
      "650": {
        "ind1": "\\",
        "ind2": "7",
        "subfields": [
          {
            "a": "Social sciences."
          },
          {
            "2": "fast"
          },
          {
            "0": "(OCoLC)fst01122877"
          }
        ]
      }
    },
    {
      "650": {
        "ind1": "\\",
        "ind2": "2",
        "subfields": [
          {
            "a": "Demography."
          }
        ]
      }
    },
    {
      "650": {
        "ind1": "\\",
        "ind2": "2",
        "subfields": [
          {
            "a": "Population."
          }
        ]
      }
    },
    {
      "655": {
        "ind1": "\\",
        "ind2": "0",
        "subfields": [
          {
            "a": "Electronic journals."
          }
        ]
      }
    },
    {
      "655": {
        "ind1": "\\",
        "ind2": "7",
        "subfields": [
          {
            "a": "Bibliographies."
          },
          {
            "2": "fast"
          },
          {
            "0": "(OCoLC)fst01919895"
          }
        ]
      }
    },
    {
      "655": {
        "ind1": "\\",
        "ind2": "7",
        "subfields": [
          {
            "a": "Periodicals."
          },
          {
            "2": "fast"
          },
          {
            "0": "(OCoLC)fst01411641"
          }
        ]
      }
    },
    {
      "655": {
        "ind1": "\\",
        "ind2": "7",
        "subfields": [
          {
            "a": "Electronic journals."
          },
          {
            "2": "lcgft"
          }
        ]
      }
    },
    {
      "655": {
        "ind1": "\\",
        "ind2": "2",
        "subfields": [
          {
            "a": "Periodical."
          }
        ]
      }
    },
    {
      "655": {
        "ind1": "\\",
        "ind2": "2",
        "subfields": [
          {
            "a": "Bibliography."
          }
        ]
      }
    },
    {
      "710": {
        "ind1": "2",
        "ind2": "\\",
        "subfields": [
          {
            "a": "Princeton University."
          },
          {
            "b": "Office of Population Research."
          }
        ]
      }
    },
    {
      "710": {
        "ind1": "2",
        "ind2": "\\",
        "subfields": [
          {
            "a": "Princeton University."
          },
          {
            "b": "School of Public Affairs."
          }
        ]
      }
    },
    {
      "710": {
        "ind1": "2",
        "ind2": "\\",
        "subfields": [
          {
            "a": "Population Association of America."
          }
        ]
      }
    },
    {
      "776": {
        "ind1": "1",
        "ind2": "\\",
        "subfields": [
          {
            "t": "Population index (Online)"
          },
          {
            "x": "2325-7636"
          },
          {
            "w": "(DLC)sn 99023394"
          },
          {
            "w": "(OCoLC)41483131"
          }
        ]
      }
    },
    {
      "776": {
        "ind1": "0",
        "ind2": "8",
        "subfields": [
          {
            "i": "Online version:"
          },
          {
            "t": "Population index"
          },
          {
            "w": "(OCoLC)989689790"
          }
        ]
      }
    },
    {
      "780": {
        "ind1": "0",
        "ind2": "0",
        "subfields": [
          {
            "t": "Population literature"
          },
          {
            "x": "1523-8431"
          },
          {
            "w": "(DLC)sf 84001015"
          },
          {
            "w": "(OCoLC)6039398"
          }
        ]
      }
    },
    {
      "850": {
        "ind1": "\\",
        "ind2": "\\",
        "subfields": [
          {
            "a": "AzU"
          },
          {
            "a": "CU-I"
          },
          {
            "a": "CoU"
          },
          {
            "a": "DLC"
          },
          {
            "a": "DeU"
          },
          {
            "a": "FU"
          },
          {
            "a": "IU-M"
          },
          {
            "a": "In"
          },
          {
            "a": "InU"
          },
          {
            "a": "MBCo"
          },
          {
            "a": "MH"
          },
          {
            "a": "MH-PA"
          },
          {
            "a": "MH-SR"
          },
          {
            "a": "MnU"
          },
          {
            "a": "MoSU"
          },
          {
            "a": "NN"
          },
          {
            "a": "NcRS"
          },
          {
            "a": "NjR"
          },
          {
            "a": "PU"
          },
          {
            "a": "ViU&"
          },
          {
            "a": "WyU"
          }
        ]
      }
    },
    {
      "856": {
        "ind1": "4",
        "ind2": "1",
        "subfields": [
          {
            "3": "v.3(1937)-v.51(1985)"
          },
          {
            "u": "http://www.jstor.org/journals/00324701.html"
          }
        ]
      }
    },
    {
      "856": {
        "ind1": "4",
        "ind2": "2",
        "subfields": [
          {
            "3": "v.52(1986)-"
          },
          {
            "u": "http://bibpurl.oclc.org/web/461"
          },
          {
            "u": "http://popindex.princeton.edu/"
          }
        ]
      }
    },
    {
      "936": {
        "ind1": "\\",
        "ind2": "\\",
        "subfields": [
          {
            "a": "fall 1981 (surrogate)"
          }
        ]
      }
    },
    {
      "994": {
        "ind1": "\\",
        "ind2": "\\",
        "subfields": [
          {
            "a": "Z0"
          },
          {
            "b": "NYRVC"
          }
        ]
      }
    },
    {
      "948": {
        "ind1": "\\",
        "ind2": "\\",
        "subfields": [
          {
            "h": "NO HOLDINGS IN NYRVC - 364 OTHER HOLDINGS"
          }
        ]
      }
    },
    {
      "999": {
        "ind1": "\\",
        "ind2": "\\",
        "subfields": [
          {
            "a": "no barcode"
          },
          {
            "v": "October 1978 volume 44 number 4"
          }
        ]
      }
    },
    {
      "999": {
        "ind1": "\\",
        "ind2": "\\",
        "subfields": [
          {
            "a": "no barcode"
          },
          {
            "v": "July 1978 volume 44 number 3"
          }
        ]
      }
    },
    {
      "999": {
        "ind1": "\\",
        "ind2": "\\",
        "subfields": [
          {
            "a": "no barcode"
          },
          {
            "v": "April 1977 volume 43 number 2"
          }
        ]
      }
    },
    {
      "999": {
        "ind1": "\\",
        "ind2": "\\",
        "subfields": [
          {
            "a": "no barcode"
          },
          {
            "v": "Volume 44 1978"
          }
        ]
      }
    }
  ]
}